<?xml version="1.0" encoding="UTF-8"?>
<collection xmlns:xsi="http://www.w3.org/2001/XMLSchema-instance" xsi:schemaLocation="http://www.loc.gov/MARC21/slim http://www.loc.gov/standards/marcxml/schema/MARC21slim.xsd" xmlns="http://www.loc.gov/MARC21/slim">
<record>
  <leader>00827cam a22002291  4500</leader>
  <controlfield tag="001">2980716</controlfield>
  <controlfield tag="003">NNC</controlfield>
  <controlfield tag="005">20150817132354.0</controlfield>
  <controlfield tag="008">010222s1896    ua            000 0 ara d</controlfield>
  <datafield tag="035" ind1=" " ind2=" ">
    <subfield code="a">(OCoLC)ocm46310557</subfield>
  </datafield>
  <datafield tag="035" ind1=" " ind2=" ">
    <subfield code="9">ASM7829CU</subfield>
  </datafield>
  <datafield tag="035" ind1=" " ind2=" ">
    <subfield code="a">(NNC)2980716</subfield>
  </datafield>
  <datafield tag="040" ind1=" " ind2=" ">
    <subfield code="a">ZCU</subfield>
    <subfield code="c">ZCU</subfield>
  </datafield>
  <datafield tag="090" ind1=" " ind2=" ">
    <subfield code="a">PJ7726</subfield>
    <subfield code="b">.Q5</subfield>
  </datafield>
  <datafield tag="245" ind1="0" ind2="0">
    <subfield code="a">Qiṣṣat al-tājir ʻAlī Nūr-al-Din al-Mis̄rī wa-mā jarā lahū maʻa jāriyatihī Maryam al-Zunnārīyah bint malik Afranjah wamā fīhā min al-ʻajāʾ ib ʻalā al-tamām.</subfield>
  </datafield>
  <datafield tag="246" ind1="3" ind2=" ">
    <subfield code="a">Tājir ʻAlī Nūr-al-Dīn al-Miṣrī</subfield>
  </datafield>
  <datafield tag="260" ind1=" " ind2=" ">
    <subfield code="a">[Miṣr]</subfield>
    <subfield code="b">al-Maṭbaʻah al-ʻAmirah al-Sharafīyah,</subfield>
    <subfield code="c">1314 h. [1896]</subfield>
  </datafield>
  <datafield tag="300" ind1=" " ind2=" ">
    <subfield code="a">63 p.</subfield>
  </datafield>
  <datafield tag="650" ind1=" " ind2="0">
    <subfield code="a">Arabs</subfield>
    <subfield code="x">Folklore.</subfield>
  </datafield>
  <datafield tag="700" ind1="1" ind2=" ">
    <subfield code="a">ʻAli Nūr-al-Dīn al-Miṣri.</subfield>
  </datafield>
  <datafield tag="700" ind1="1" ind2=" ">
    <subfield code="a">Maryam al-Zunnārīyah ...</subfield>
  </datafield>
  <datafield tag="955" ind1=" " ind2=" ">
    <subfield code="b">0315317552</subfield>
    <subfield code="d">glx</subfield>
    <subfield code="e">PJ7726 .Q5</subfield>
  </datafield>
</record>
</collection>